@online{ford,
author = {Ford, Rebecca},
title  = {Earthquake: Twitter Users Learned of Tremors
          Seconds Before Feeling Them},
date   = {2011-08},
url    = {https://formationtrading.fr/guide-bourse/marche-boursier/cotation/entreprise-cote-bourse/}
}
